@Article{Gaifman_2004,
	doi = {10.1023/b:synt.0000029944.99888.a7},
	url = {http://dx.doi.org/10.1023/b:synt.0000029944.99888.a7},
	year = 2004,
	month = {may},
	publisher = {Springer Science + Business Media},
	volume = 140,
	number = {1/2},
	pages = {97--119},
	author = {Haim Gaifman},
	title = {{Reasoning with Limited Resources and Assigning Probabilities to Arithmetical Statements}},
	journal = {Synthese}
}
@Article{Hutter_2013,
	doi = {10.1016/j.jal.2013.03.003},
	url = {http://dx.doi.org/10.1016/j.jal.2013.03.003},
	year = 2013,
	month = {dec},
	publisher = {Elsevier {BV}},
	volume = 11,
	number = 4,
	pages = {386--420},
	author = {Marcus Hutter and John W. Lloyd and Kee Siong Ng and William T.B. Uther},
	title = {{Probabilities on Sentences in an Expressive Logic}},
	journal = {Journal of Applied Logic}
}
@InCollection{Demski_2012,
	doi = {10.1007/978-3-642-35506-6_6},
	url = {http://dx.doi.org/10.1007/978-3-642-35506-6_6},
	year = 2012,
	publisher = {Springer Science + Business Media},
	pages = {50--59},
	author = {Abram Demski},
	title = {{Logical Prior Probability}},
	booktitle = {Artificial General Intelligence}
}
@Article{Christiano_2014,
	url = {http://intelligence.org/files/Non-Omniscience.pdf},
	year = 2014,
	month = {jun},
	publisher = {Machine Intelligence Research Institute},
	author = {Paul Christiano},
	title = {{Non-Omniscience, Probabilistic Inference, and Metamathematics}}
}
@Article{Garrabrant_2015,
	author = {Scott Garrabrant and Siddharth Bhaskar and Abram Demski and Joanna Garrabrant and George Koleszarik and Evan Lloyd},
	title = {{Asymptotic Logical Uncertainty and The Benford Test}},
	journal = {CoRR},
	volume = {abs/1510.03370},
	year = 2015,
	url = {http://arxiv.org/abs/1510.03370},
	timestamp = {Sun, 01 Nov 2015 17:30:45 +0100},
	biburl = {http://dblp.uni-trier.de/rec/bib/journals/corr/GarrabrantBDGKL15},
	bibsource = {dblp computer science bibliography, http://dblp.org}
}
@InCollection{Fallenstein_2015,
	doi = {10.1007/978-3-662-48561-3_34},
	url = {http://dx.doi.org/10.1007/978-3-662-48561-3_34},
	year = 2015,
	publisher = {Springer Science + Business Media},
	pages = {411--415},
	author = {Benja Fallenstein and Jessica Taylor and Paul F. Christiano},
	title = {{Reflective Oracles: A Foundation for Game~Theory in Artificial Intelligence}},
	booktitle = {Logic Rationality, and Interaction}
}
@Article{Bogdanov_2006,
	doi = {10.1561/0400000004},
	url = {http://dx.doi.org/10.1561/0400000004},
	year = 2006,
	publisher = {Now Publishers},
	volume = 2,
	number = 1,
	pages = {1--106},
	author = {Andrej Bogdanov and Luca Trevisan},
	title = {{Average-Case Complexity}},
	journal = {{FNT} in Theoretical Computer Science}
}
