@InProceedings{Lutz_1998,
	title = {Resource-bounded measure},
	author = {Lutz, Jack H},
	booktitle = {Computational Complexity, 1998. Proceedings. Thirteenth Annual IEEE Conference on},
	pages = {236--248},
	year = 1998,
	organization = {IEEE}
}
@Book{Bostrom_2014,
	title = {Superintelligence: Paths, dangers, strategies},
	author = {Bostrom, Nick},
	year = 2014,
	publisher = {OUP Oxford}
}
@Article{Soares_2015,
	author = {Nate Soares and Benja Fallenstein},
	title = {Toward Idealized Decision Theory},
	journal = {CoRR},
	volume = {abs/1507.01986},
	year = 2015,
	url = {http://arxiv.org/abs/1507.01986},
	timestamp = {Sun, 02 Aug 2015 18:42:02 +0200},
	biburl = {http://dblp.uni-trier.de/rec/bib/journals/corr/SoaresF15},
	bibsource = {dblp computer science bibliography, http://dblp.org}
}
@Book{Shalev-Shwartz_2014,
	author = {Shalev-Shwartz, Shai and Ben-David, Shai},
	title = {Understanding Machine Learning: From Theory to Algorithms},
	publisher = {Cambridge University Press},
	year = 2014,
	address = {New York, NY, USA},
	isbn = {1107057132, 9781107057135}
}
@Article{Gaifman_2004,
	doi = {10.1023/b:synt.0000029944.99888.a7},
	url = {http://dx.doi.org/10.1023/b:synt.0000029944.99888.a7},
	year = 2004,
	month = {may},
	publisher = {Springer Science + Business Media},
	volume = 140,
	number = {1/2},
	pages = {97--119},
	author = {Haim Gaifman},
	title = {{Reasoning with Limited Resources and Assigning Probabilities to Arithmetical Statements}},
	journal = {Synthese}
}
@Article{Hutter_2013,
	doi = {10.1016/j.jal.2013.03.003},
	url = {http://dx.doi.org/10.1016/j.jal.2013.03.003},
	year = 2013,
	month = {dec},
	publisher = {Elsevier {BV}},
	volume = 11,
	number = 4,
	pages = {386--420},
	author = {Marcus Hutter and John W. Lloyd and Kee Siong Ng and William T.B. Uther},
	title = {{Probabilities on Sentences in an Expressive Logic}},
	journal = {Journal of Applied Logic}
}
@InCollection{Demski_2012,
	doi = {10.1007/978-3-642-35506-6_6},
	url = {http://dx.doi.org/10.1007/978-3-642-35506-6_6},
	year = 2012,
	publisher = {Springer Science + Business Media},
	pages = {50--59},
	author = {Abram Demski},
	title = {{Logical Prior Probability}},
	booktitle = {Artificial General Intelligence}
}
@Misc{Christiano_2014,
	url = {http://intelligence.org/files/Non-Omniscience.pdf},
	year = 2014,
	month = {jun},
	publisher = {Machine Intelligence Research Institute},
	author = {Paul Christiano},
	title = {{Non-Omniscience, Probabilistic Inference, and Metamathematics}}
}
@Article{Garrabrant_2015,
	author = {Scott Garrabrant and Siddharth Bhaskar and Abram Demski and Joanna Garrabrant and George Koleszarik and Evan Lloyd},
	title = {{Asymptotic Logical Uncertainty and The Benford Test}},
	journal = {CoRR},
	volume = {abs/1510.03370},
	year = 2015,
	url = {http://arxiv.org/abs/1510.03370},
	timestamp = {Sun, 01 Nov 2015 17:30:45 +0100},
	biburl = {http://dblp.uni-trier.de/rec/bib/journals/corr/GarrabrantBDGKL15},
	bibsource = {dblp computer science bibliography, http://dblp.org}
}
@InCollection{Fallenstein_2015,
	doi = {10.1007/978-3-662-48561-3_34},
	url = {http://dx.doi.org/10.1007/978-3-662-48561-3_34},
	year = 2015,
	publisher = {Springer Science + Business Media},
	pages = {411--415},
	author = {Benja Fallenstein and Jessica Taylor and Paul F. Christiano},
	title = {{Reflective Oracles: A Foundation for Game~Theory in Artificial Intelligence}},
	booktitle = {Logic Rationality, and Interaction}
}
@Article{Bogdanov_2006,
	doi = {10.1561/0400000004},
	url = {http://dx.doi.org/10.1561/0400000004},
	year = 2006,
	publisher = {Now Publishers},
	volume = 2,
	number = 1,
	pages = {1--106},
	author = {Andrej Bogdanov and Luca Trevisan},
	title = {{Average-Case Complexity}},
	journal = {{FNT} in Theoretical Computer Science}
}
@Book{Goldreich_2008,
	author = {Goldreich, Oded},
	title = {Computational Complexity: A Conceptual Perspective},
	year = 2008,
	isbn = {052188473X},
	edition = 1,
	publisher = {Cambridge University Press},
	address = {New York, NY, USA}
}
@Article{Dawid_1982,
	issn = 01621459,
	url = {http://www.jstor.org/stable/2287720},
	abstract = {Suppose that a forecaster sequentially assigns probabilities to events. He is well calibrated if, for example, of those events to which he assigns a probability 30 percent, the long-run proportion that actually occurs turns out to be 30 percent. We prove a theorem to the effect that a coherent Bayesian expects to be well calibrated, and consider its destructive implications for the theory of coherence.},
	author = {A. P. Dawid},
	journal = {Journal of the American Statistical Association},
	number = 379,
	pages = {605-610},
	publisher = {[American Statistical Association, Taylor & Francis, Ltd.]},
	title = {The Well-Calibrated Bayesian},
	volume = 77,
	year = 1982
}
@InBook{Barak_2002,
	author = {Barak, Boaz},
	editor = {Rolim, Jos{\'e} D. P.     and Vadhan, Salil},
	title = {A Probabilistic-Time Hierarchy Theorem for ``Slightly Non-uniform'' Algorithms},
	booktitle = {Randomization and Approximation Techniques in Computer Science: 6th International Workshop, RANDOM 2002 Cambridge, MA, USA, September 13--15, 2002 Proceedings},
	year = 2002,
	publisher = {Springer Berlin Heidelberg},
	address = {Berlin, Heidelberg},
	pages = {194--208},
	isbn = {978-3-540-45726-8},
	doi = {10.1007/3-540-45726-7_16},
	url = {http://dx.doi.org/10.1007/3-540-45726-7_16}
}
@Article{Barak_2014,
    author    = {Boaz Barak and
                David Steurer},
    title     = {Sum-of-squares proofs and the quest toward optimal algorithms},
    journal   = {CoRR},
    volume    = {abs/1404.5236},
    year      = {2014},
    url       = {http://arxiv.org/abs/1404.5236},
    timestamp = {Thu, 01 May 2014 14:56:20 +0200},
    biburl    = {http://dblp.uni-trier.de/rec/bib/journals/corr/BarakS14},
    bibsource = {dblp computer science bibliography, http://dblp.org}
}
@InBook{Hirsch_2010,
	author = {Hirsch, Edward A.},
	editor = {Kratochv{\'i}l, Jan     and Li, Angsheng     and Fiala, Ji{\v{r}}{\'i}     and Kolman, Petr},
	title = {Optimal Acceptors and Optimal Proof Systems},
	booktitle = {Theory and Applications of Models of Computation: 7th Annual Conference, TAMC 2010, Prague, Czech Republic, June 7-11, 2010. Proceedings},
	year = 2010,
	publisher = {Springer Berlin Heidelberg},
	address = {Berlin, Heidelberg},
	pages = {28--39},
	isbn = {978-3-642-13562-0},
	doi = {10.1007/978-3-642-13562-0_4},
	url = {http://dx.doi.org/10.1007/978-3-642-13562-0_4}
}
@InProceedings{Khot_2010,
	title = {On the unique games conjecture},
	author = {Subhash Khot},
	year = 2010,
	doi = {10.1109/CCC.2010.19},
	isbn = 9780769540603,
	pages = {99--121},
	booktitle = {Proceedings - 25th Annual IEEE Conference on Computational Complexity}
}
@InProceedings{Impagliazzo_1995,
	author = {Impagliazzo, R.},
	title = {A Personal View of Average-case Complexity},
	booktitle = {Proceedings of the 10th Annual Structure in Complexity Theory Conference (SCT'95)},
	series = {SCT '95},
	year = {1995},
	isbn = {0-8186-7052-5},
	pages = {134--},
	url = {http://dl.acm.org/citation.cfm?id=829497.829786},
	acmid = {829786},
	publisher = {IEEE Computer Society},
	address = {Washington, DC, USA},
	keywords = {NP-complete problem, average-case complexity, computational complexity, cryptography, difficult problem, formal setting, hard problems, input types, structural theory},
}
@InBook{Barak_2003,
	author="Barak, Boaz
	and Shaltiel, Ronen
	and Wigderson, Avi",
	editor="Arora, Sanjeev
	and Jansen, Klaus
	and Rolim, Jos{\'e} D. P.
	and Sahai, Amit",
	title="Computational Analogues of Entropy",
	bookTitle="Approximation, Randomization, and Combinatorial Optimization.. Algorithms and Techniques: 6th International Workshop on Approximation Algorithms for Combinatorial Optimization Problems, APPROX 2003 and 7th International Workshop on Randomization and Approximation Techniques in Computer Science, RANDOM 2003, Princeton, NJ, USA, August 24-26, 2003. Proceedings",
	year="2003",
	publisher="Springer Berlin Heidelberg",
	address="Berlin, Heidelberg",
	pages="200--215",
	isbn="978-3-540-45198-3",
	doi="10.1007/978-3-540-45198-3_18",
	url="http://dx.doi.org/10.1007/978-3-540-45198-3_18"
}
@PhdThesis{Zheng_2014,
	author = {Zheng, Jia},
	advisor = {Vadhan, Salil},
	title = {A Uniform Min-max Theorem and Characterizations of Computational Randomness},
	year = {2014},
	isbn = {978-1-303-72489-3},
	note = {AAI3611601},
	publisher = {Harvard University},
	address = {Cambridge, MA, USA},
} 