@article{Garcia2015,
 author = {Garc\'{\i}a, Javier and Fern\'{a}ndez, Fernando},
 title = {A Comprehensive Survey on Safe Reinforcement Learning},
 journal = {J. Mach. Learn. Res.},
 issue_date = {January 2015},
 volume = {16},
 number = {1},
 month = jan,
 year = {2015},
 issn = {1532-4435},
 pages = {1437--1480},
 numpages = {44},
 url = {http://dl.acm.org/citation.cfm?id=2789272.2886795},
 acmid = {2886795},
 publisher = {JMLR.org},
 keywords = {reinforcement learning, risk sensitivity, safe exploration, teacher advice},
}
@techreport{Clouse1997,
 author = {Clouse, J.},
 title = {On Integrating Apprentice Learning and Reinforcement Learning TITLE2:},
 year = {1997},
 source = {http://www.ncstrl.org:8900/ncstrl/servlet/search?formname=detail\&id=oai%3Ancstrlh%3Aumass_cs%3Ancstrl.umassa_cs%2F%2FUM-CS-1997-026},
 publisher = {University of Massachusetts},
 address = {Amherst, MA, USA},
} 